@conference{1,
    title={{How novelty search escapes the deceptive trap of learning to learn}},
    author={Risi, S. and Vanderbleek, S.D. and Hughes, C.E. and Stanley, K.O.},
    booktitle={Proceedings of the 11th Annual conference on Genetic and evolutionary computation},
    pages={153--160},
    year={2009},
    organization={ACM}
}

@conference{2,
  title={{Novelty-based multiobjectivization}},
  author={Mouret, J.B.},
  booktitle={Proceedings of IROS Workshop‚Äù Exploring New Horizons in the Evolutionary Design of Robots},
  year={2009}
}

@conference{3,
  title={{Exploiting open-endedness to solve problems through the search for novelty}},
  author={Lehman, J. and Stanley, K.O.},
  booktitle={Proceedings of the Eleventh International Conference on Artificial Life (ALIFE XI) Cambridge MA: MIT Press},
  volume={54},
  year={2008}
}

@article{4,
  title={{Real-time neuroevolution in the NERO video game}},
  author={Stanley, K.O. and Bryant, B.D. and Miikkulainen, R.},
  journal={IEEE Transactions on Evolutionary Computation},
  volume={9},
  number={6},
  pages={653--668},
  year={2005},
  publisher={Citeseer}
}

@article{5,
  title={{Evolving neural networks through augmenting topologies}},
  author={Stanley, K.O. and Miikkulainen, R.},
  journal={Evolutionary Computation},
  volume={10},
  number={2},
  pages={99--127},
  year={2002},
  publisher={MIT Press}
}

@article{6,
  title={{Competitive coevolution through evolutionary complexification}},
  author={Stanley, K.O. and Miikkulainen, R.},
  journal={Journal of Artificial Intelligence Research},
  volume={21},
  number={1},
  pages={63--100},
  year={2004}
}

@article{7,
  title={{Incremental evolution of animats' behaviors as a multi-objective optimization}},
  author={Mouret, J.B. and Doncieux, S.},
  journal={Lecture Notes in Computer Science},
  volume={5040},
  pages={210--219},
  year={2008},
  publisher={Springer}
}

@conference{8,
  title={{Overcoming the bootstrap problem in evolutionary robotics using behavioral diversity}},
  author={Mouret, J.B. and Doncieux, S.},
  booktitle={Proceedings of the Congress on Evolutionary Computation 2009 (to appear)},
  year={2009}
}

@book{9,
  title={{Multi-objective optimization using evolutionary algorithms}},
  author={Deb, K.},
  year={2001},
  publisher={Wiley}
}

@article{10,
  title={{Evolution and complexity: the double-edged sword}},
  author={Miconi, T.},
  journal={Artificial Life},
  volume={14},
  number={3},
  pages={325--344},
  year={2008},
  publisher={MIT Press}
}

@article{11,
  title={{The frailty of adaptive hypotheses for the origins of organismal complexity}},
  author={Lynch, M.},
  journal={Proceedings of the National Academy of Sciences},
  volume={104},
  number={Suppl 1},
  pages={8597},
  year={2007},
  publisher={National Acad Sciences}
}

@article{12,
  title={{Measurement of evolutionary activity}},
  author={Bedau, M.A.},
  journal={Artificial Life},
  pages={431--461},
  year={1992},
  publisher={Citeseer}
}


@conference{13,
  title={{A classification of long-term evolutionary dynamics}},
  author={Bedau, M.A. and Snyder, E. and Packard, N.H.},
  booktitle={Artificial Life VI: Proc. of the Sixth Int. Conf. on Artificial Life},
  pages={228--237}
}

@article{14,
  title={{Passing the ALife test: Activity statistics classify evolution in Geb as unbounded}},
  author={Channon, A.},
  journal={Lecture notes in computer science},
  pages={417--426},
  year={2001},
  publisher={Springer}
}

@article{15,
  title={{Evolution, ecology and optimization of digital organisms}},
  author={Ray, T.S.},
  journal={Santa Fe},
  year={1992},
  publisher={Citeseer}
}

@article{16,
  title={{Open-ended artificial evolution}},
  author={Standish, R.K.},
  journal={Arxiv preprint nlin/0210027},
  year={2002}
}









@conference{20,
  title={{Automatic system identification based on coevolution of models and tests}},
  author={Koos, S. and Mouret, J.B. and Doncieux, S.},
  booktitle={IEEE Congress on Evolutionary Computation},
  volume={2009},
  year={2009}
}

